<?xml version="1.0" encoding="UTF-8"?><collection xmlns="http://www.loc.gov/MARC21/slim"><record><leader>00481nam--2200133-i-4500</leader><controlfield tag="001">000008007</controlfield><controlfield tag="002">20161230</controlfield><controlfield tag="005">20161230201027</controlfield><controlfield tag="008">060222s1000------------r-----000-0-eng-d</controlfield><datafield ind1=" " ind2=" " tag="080"><subfield code="a">539.172</subfield></datafield><datafield ind1=" " ind2=" " tag="100"><subfield code="a">Arvieux, Jacques And Raynal, Jacques</subfield></datafield><datafield ind1=" " ind2=" " tag="245"><subfield code="a">Relations between spin correlation measure- ments in nucleon-deuteron elastic scattering if the channel spin is conserved</subfield></datafield><datafield ind1=" " ind2=" " tag="260"><subfield code="a">Saclay, Service De Physique Nucleaire A Moyenne Energie, 1967 16 P. + 2 Figuri</subfield></datafield><datafield ind1=" " ind2=" " tag="852"><subfield code="a">25778</subfield></datafield></record></collection>